<record><leader>00000cas a22000007a 4500</leader><controlfield tag="001">14984762</controlfield><controlfield tag="008">861217d18781uuuiaumr ne      0   b0fre d</controlfield><datafield ind1=" " ind2=" " tag="010"><subfield code="a">sn 86060323 </subfield></datafield><datafield ind1=" " ind2=" " tag="040"><subfield code="a">INP</subfield><subfield code="b">eng</subfield><subfield code="c">INP</subfield><subfield code="d">NSD</subfield><subfield code="d">OCLCQ</subfield></datafield><datafield ind1="0" ind2=" " tag="022"><subfield code="a">1075-1394</subfield><subfield code="l">1075-1394</subfield><subfield code="2">1</subfield></datafield><datafield ind1="1" ind2=" " tag="029"><subfield code="a">ZWZ</subfield><subfield code="b">038056801</subfield></datafield><datafield ind1=" " ind2=" " tag="042"><subfield code="a">msc</subfield><subfield code="a">nsdp</subfield></datafield><datafield ind1="1" ind2="0" tag="082"><subfield code="a">335</subfield><subfield code="2">12</subfield></datafield><datafield ind1="0" ind2=" " tag="210"><subfield code="a">Jeune Icarie</subfield></datafield><datafield ind1=" " ind2="3" tag="222"><subfield code="a">La Jeune Icarie</subfield></datafield><datafield ind1="0" ind2="3" tag="245"><subfield code="a">La Jeune Icarie :</subfield><subfield code="b">organe du Communisme progressif.</subfield></datafield><datafield ind1=" " ind2=" " tag="260"><subfield code="a">Corning, Adams County, Iowa :</subfield><subfield code="b">Jeune Icarie,</subfield><subfield code="c">[1878]-</subfield></datafield><datafield ind1=" " ind2=" " tag="300"><subfield code="a">v. ;</subfield><subfield code="c">32 cm.</subfield></datafield><datafield ind1=" " ind2=" " tag="310"><subfield code="a">Monthly</subfield></datafield><datafield ind1="0" ind2=" " tag="362"><subfield code="a">1. anne&#769;e, no 1 (mai 1878)-</subfield></datafield><datafield ind1="1" ind2=" " tag="362"><subfield code="a">Ceased with: 31 de&#769;c. 1880.</subfield></datafield><datafield ind1=" " ind2=" " tag="500"><subfield code="a">Title from caption.</subfield></datafield><datafield ind1=" " ind2=" " tag="588"><subfield code="a">Latest issue consulted: 2. anne&#769;e, no 22 (22 janv. 1880) (surrogate).</subfield></datafield><datafield ind1=" " ind2=" " tag="752"><subfield code="a">United States</subfield><subfield code="b">Iowa</subfield><subfield code="c">Adams</subfield><subfield code="d">Corning.</subfield></datafield></record>